@article{test01,
    author = {{Test} Author},
    title = "{Test Title}",
    journal = {Test Journal},
    year = 2566
}