@article{test01,
  author  = {{Test} Author},
  title   = {{Test Title}},
  journal = {Test Journal},
  year    = 2566
}
 @misc{SomeGovernment,
  title   = {Testing},
  url     = {https://malaria.ddc.moph.go.th/malariaR10/index_v2.php},
  journal = {Some title},
  author  = {Some Government }
}

